<?xml version="1.0" encoding="UTF-8"?><collection xmlns="http://www.loc.gov/MARC21/slim"><record><leader>00377nam--2200133-i-4500</leader><controlfield tag="001">000007074</controlfield><controlfield tag="002">20161230</controlfield><controlfield tag="005">20161230201027</controlfield><controlfield tag="008">060222s1000------------r-----000-0-eng-d</controlfield><datafield ind1=" " ind2=" " tag="080"><subfield code="a">539.12.08</subfield></datafield><datafield ind1=" " ind2=" " tag="100"><subfield code="a">Draganic, I., And Raisic, N</subfield></datafield><datafield ind1=" " ind2=" " tag="245"><subfield code="a">Summary of the present status of in-pile dosi metry techniques in yugoslavia</subfield></datafield><datafield ind1=" " ind2=" " tag="260"><subfield code="a">Vinca-beograd, 1964. Ll P</subfield></datafield><datafield ind1=" " ind2=" " tag="852"><subfield code="a">21.098</subfield></datafield></record></collection>